
@incollection{wannenwetsch_verhandlungsphase_2009,
	address = {Berlin, Heidelberg},
	series = {{VDI}-{Buch}},
	title = {Verhandlungsphase – {Strategien} zur {Zielerreichung}},
	isbn = {978-3-540-79525-4},
	url = {https://doi.org/10.1007/978-3-540-79525-4_15},
	abstract = {Wer über Macht verfügt, kann auch ultimativ verhandeln. Macht kann eine einseitige Abhängigkeit der Lieferanten vom Kunden bedeuten (siehe Zulieferer der Automobilindustrie), Macht kann ein bestimmtes Volumen bedeuten oder aber einen Prestigegewinn darstellen. So kann ein Zulieferer in der Werbung darauf hinweisen, dass er Teile für das Fahrzeug Maybach ausliefert. Wenn keine Macht auf Seiten des Einkaufes vorhanden ist (unbedeutender Kunde, geringe Losgrößen, Monopolstellung des Lieferanten) wird eine Verhandlung nur möglich, wenn ein gutes persönliches Verhältnis zwischen den Verhandlungspartnern herrscht.},
	language = {de},
	urldate = {2020-04-20},
	booktitle = {Erfolgreiche {Verhandlungsführung} in {Einkauf} und {Logistik}: {Praxiserprobte} {Erfolgsstrategien} und {Wege} zur {Kostensenkung}},
	publisher = {Springer},
	author = {Wannenwetsch, Helmut},
	editor = {Wannenwetsch, Helmut},
	year = {2009},
	doi = {10.1007/978-3-540-79525-4_15},
	pages = {199--216},
	file = {Springer Full Text PDF:/Users/hegele/Zotero/storage/5I48N4KN/Wannenwetsch - 2009 - Verhandlungsphase – Strategien zur Zielerreichung.pdf:application/pdf}
}

@incollection{wannenwetsch_erfolgreicher_2009,
	address = {Berlin, Heidelberg},
	series = {{VDI}-{Buch}},
	title = {Erfolgreicher {Umgang} mit schwierigen {Verhandlungspartnern}},
	isbn = {978-3-540-79525-4},
	url = {https://doi.org/10.1007/978-3-540-79525-4_17},
	abstract = {Eine allgemein bekannte Situation: eine Verhandlung mit einem Lieferanten hat begonnen und zu einem bestimmten Zeitpunkt wird das Gespräch zäh. Die Positionen wurden von beiden Seiten dargelegt und sind festgefahren: die Verhandlung droht zu scheitern und man empfindet seinen Verhandlungspartner als schwierig.},
	language = {de},
	urldate = {2020-04-20},
	booktitle = {Erfolgreiche {Verhandlungsführung} in {Einkauf} und {Logistik}: {Praxiserprobte} {Erfolgsstrategien} und {Wege} zur {Kostensenkung}},
	publisher = {Springer},
	author = {Wannenwetsch, Helmut},
	editor = {Wannenwetsch, Helmut},
	year = {2009},
	doi = {10.1007/978-3-540-79525-4_17},
	pages = {229--244},
	file = {Springer Full Text PDF:/Users/hegele/Zotero/storage/PDKLSATC/Wannenwetsch - 2009 - Erfolgreicher Umgang mit schwierigen Verhandlungsp.pdf:application/pdf}
}

@incollection{wannenwetsch_schluesselfaktoren_2009,
	address = {Berlin, Heidelberg},
	series = {{VDI}-{Buch}},
	title = {Schlüsselfaktoren: {Mimik}, {Gestik}, {Sprache}, {Auftreten}, {Kommunikation}},
	isbn = {978-3-540-79525-4},
	shorttitle = {Schlüsselfaktoren},
	url = {https://doi.org/10.1007/978-3-540-79525-4_12},
	abstract = {Die Bedeutung von Soft Skills in Einkaufsverhandlungen ist seit jeher ungebrochen: die meisten Entscheidungen, ob im Einkauf, Verkauf, im Konzeptionellen oder Strategischen werden auf der Beziehungsebene verhandelt.43 Verhandeln ist ein hoch komplexes Phänomen. Verhandlungsgeschick kann aufgrund seiner Vielschichtigkeit und seiner ganz unterschiedlichen Aspekte als eine Kunst bezeichnet werden.},
	language = {de},
	urldate = {2020-04-20},
	booktitle = {Erfolgreiche {Verhandlungsführung} in {Einkauf} und {Logistik}: {Praxiserprobte} {Erfolgsstrategien} und {Wege} zur {Kostensenkung}},
	publisher = {Springer},
	author = {Wannenwetsch, Helmut},
	editor = {Wannenwetsch, Helmut},
	year = {2009},
	doi = {10.1007/978-3-540-79525-4_12},
	pages = {155--176},
	file = {Springer Full Text PDF:/Users/hegele/Zotero/storage/7FYFWHYA/Wannenwetsch - 2009 - Schlüsselfaktoren Mimik, Gestik, Sprache, Auftret.pdf:application/pdf}
}

@article{bazerman_negotiation_2000,
	title = {Negotiation},
	volume = {51},
	url = {https://doi.org/10.1146/annurev.psych.51.1.279},
	doi = {10.1146/annurev.psych.51.1.279},
	abstract = {The first part of this paper traces a short history of the psychological study of negotiation. Although negotiation was an active research topic within social psychology in the 1960s and 1970s, in the 1980s, the behavioral decision perspective dominated. The 1990s has witnessed a rebirth of social factors in the psychological study of negotiation, including social relationships, egocentrism, motivated illusions, and emotion. The second part of this paper reviews five emerging research areas, each of which provides useful insight into how negotiators subjectively understand the negotiation: (a) mental models in negotiation; (b) how concerns of ethics, fairness, and values define the rules of the game being played; (c) how the selection of a communication medium impacts the way the game is played; (d) how cross-cultural issues in perception and behavior affect the negotiation game; and (e) how negotiators organize and simplify their understandings of the negotiation game when more than two actors are involved.},
	number = {1},
	urldate = {2020-04-20},
	journal = {Annual Review of Psychology},
	author = {Bazerman, Max H. and Curhan, Jared R. and Moore, Don A. and Valley, Kathleen L.},
	year = {2000},
	pmid = {10751973},
	note = {\_eprint: https://doi.org/10.1146/annurev.psych.51.1.279},
	pages = {279--314},
	file = {Full Text PDF:/Users/hegele/Zotero/storage/4EBK7U5C/Bazerman et al. - 2000 - Negotiation.pdf:application/pdf}
}

@article{thompson_social_1990,
	title = {Social perception in negotiation},
	volume = {47},
	issn = {0749-5978},
	url = {http://www.sciencedirect.com/science/article/pii/074959789090048E},
	doi = {10.1016/0749-5978(90)90048-E},
	abstract = {Many negotiations provide opportunities for integrative agreements in which parties can maximize joint gains without competing for resources in a direct win-lose fashion. However, negotiators often settle for suboptimal compromise agreements rather than search for mutually beneficial, or integrative, agreements. We hypothesized that misperceptions of the other party's interests are a primary cause of suboptimal outcomes. Two studies examined the role of social perception in negotiation and the relationship between judgment accuracy and negotiation performance. Results indicated that: most negotiators enter negotiation expecting the other party's interests to be completely opposed to their own; negotiators learn about the potential for joint gain during negotiation; most learning occurs within the first few minutes of interaction; accurate perception of the other party's interests leads to better negotiation performance; negotiators who learn about the other party's interests in the early stages of negotiation earn higher payoffs than do those who learn during the later stages of negotiation; a substantial number of negotiators fail to realize when they have interests that are completely compatible with those of the other party and settle for suboptimal agreements; and the two types of judgment error, Fixed Sum Error and Incompatibility Error, appear to be unrelated, distinct judgment errors. We discuss the role of social judgment in negotiation and the generalizability of the results to real world negotiations.},
	language = {en},
	number = {1},
	urldate = {2020-04-20},
	journal = {Organizational Behavior and Human Decision Processes},
	author = {Thompson, Leigh and Hastie, Reid},
	month = oct,
	year = {1990},
	pages = {98--123},
	file = {ScienceDirect Snapshot:/Users/hegele/Zotero/storage/LWGCXHNT/074959789090048E.html:text/html;ScienceDirect Full Text PDF:/Users/hegele/Zotero/storage/CBI6ZBT4/Thompson and Hastie - 1990 - Social perception in negotiation.pdf:application/pdf}
}

@incollection{benz_verhandlungen_2007,
	address = {Wiesbaden},
	title = {Verhandlungen},
	isbn = {978-3-531-90407-8},
	url = {https://doi.org/10.1007/978-3-531-90407-8_8},
	abstract = {Unter Verhandlung wird hier ein Modus von sozialer Interaktion zwischen gleichberechtigten Akteuren verstanden, die im Wege des direkten Austausches von Forderungen, Angeboten und Argumenten eine gemeinsame Entscheidung anstreben. Diese Form der Handlungskoordinierung hat in vielen Bereichen von Gesellschaft, Wirtschaft und Politik eine zentrale Bedeutung. Zum Teil wird Governance mit der Tatsache in Verbindung gebracht, dass Staaten, Regierungen und Verwaltungen Entscheidungen, für die sie formal selbständig zuständig sind, mit Akteuren aus anderen Staaten oder Gebietskörperschaften oder mit Vertretern gesellschaftlicher Gruppen bzw. Organisationen aushandeln oder dass private Akteure kollektive Probleme „am Staat vorbei“ in Verhandlungen regeln. Ein solches Verständnis von Governance ist jedoch zu eng, da es andere Koordinationsmechanismen ausschlösse. Richtig ist, dass Verhandlung eine grundlegende Form kollektiven Handelns darstellt, die oft in hierarchischen Organisationen oder in Netzwerken praktiziert wird, die im Markt vorkommt, wenn Akteure komplexere Tauschverträge schließen, und die auch in anderen Wettbewerbsverfahren zur Festlegung von Regeln, Maßstäben des Vergleichs oder Entscheidungen über Bewertungskonflikte erforderlich wird.},
	language = {de},
	urldate = {2020-04-20},
	booktitle = {Handbuch {Governance}: {Theoretische} {Grundlagen} und empirische {Anwendungsfelder}},
	publisher = {VS Verlag für Sozialwissenschaften},
	author = {Benz, Arthur},
	editor = {Benz, Arthur and Lütz, Susanne and Schimank, Uwe and Simonis, Georg},
	year = {2007},
	doi = {10.1007/978-3-531-90407-8_8},
	pages = {106--118},
	file = {Springer Full Text PDF:/Users/hegele/Zotero/storage/F2GP6GF3/Benz - 2007 - Verhandlungen.pdf:application/pdf}
}

@article{obermeier_karrieresprung_nodate,
	title = {Karrieresprung: {Die} {Kunst} der {Verhandlungsführung}},
	issn = {0174-4909},
	shorttitle = {Karrieresprung},
	url = {https://www.faz.net/1.131261},
	abstract = {Nie mit rationalen Argumenten einsteigen, nach den Motiven des Gegenübers fahnden, im Zweifelsfall auch mal den Mund halten. Mit diesen Grundsätzen hat Matthias Schranner früher bei Geiselnahmen verhandelt. Heute trainiert er Führungskräfte.},
	language = {de},
	urldate = {2020-04-20},
	journal = {FAZ.NET},
	author = {Obermeier, Birgit},
	keywords = {Bankraub, Geiselnahme, Karrieresprung, Matthias Schranner, Polizei, Verhandlungsführung, Zweifelsfall},
	file = {Snapshot:/Users/hegele/Zotero/storage/5LLCD2TM/karrieresprung-die-kunst-der-verhandlungsfuehrung-1131261.html:text/html}
}

@incollection{klett_erfolgreich_2019,
	address = {Berlin},
	title = {Erfolgreich verhandeln},
	isbn = {978-3-503-18786-7},
	url = {https://www.consultingbay.de/978-3-503-18787-4_10297},
	urldate = {2020-04-20},
	booktitle = {Relationship {Sells}},
	publisher = {Eric Schmidt Verlag GmbH \& Co. KG},
	author = {Klett, Ingo},
	year = {2019},
	file = {Erfolgreich verhandeln:/Users/hegele/Zotero/storage/SDEHJZQJ/detail.html:text/html}
}

@article{schick_geschickt_2014,
	title = {Geschickt {Verhandeln} bei {Konflikten}},
	url = {https://www.consultingbay.de/Ideenmanagement.02.2014.052},
	urldate = {2020-04-20},
	journal = {Ideen- und Innovationsmanagement},
	author = {Schick, Constanze},
	year = {2014},
	file = {Geschickt Verhandeln bei Konflikten:/Users/hegele/Zotero/storage/GZ8SR29N/detail.html:text/html}
}

@incollection{helmold_verhandlungskonzepte_2019,
	address = {Wiesbaden},
	title = {Verhandlungskonzepte},
	isbn = {978-3-658-23969-5},
	url = {https://doi.org/10.1007/978-3-658-23969-5_2},
	abstract = {Verhandlungen sind laut Obrien (2016) Interaktionen von mehreren Parteien über einen konkreten Sachverhalt mit dem Ziel aller Beteiligten, ein Ergebnis zu erzielen. Verhandlungen sind gekennzeichnet durch einen anvisierten Interessenausgleich und einen Verhandlungsausgleich (Obrien 2016). Dies wird in allen existierenden Verhandlungskonzepten berücksichtigt. Das wahrscheinlich bekannteste Verhandlungskonzept ist das Harvard-Konzept, welches von Fisher und Ury entwickelt worden ist. Neben dem Harvard-Konzept wird auf das Schranner-Konzept als Verhandlungsmodell für schwierige Verhandlungen eingegangen. Im Mittelpunkt der Publikation steht jedoch das A-6-Konzept, welches von Dr. Marc Helmold entwickelt und in der Praxis erfolgreich angewandt worden ist.},
	language = {de},
	urldate = {2020-04-20},
	booktitle = {Erfolgreiche {Verhandlungen} : {Best}-in-{Class} {Empfehlungen} für den {Verhandlungsdurchbruch}},
	publisher = {Springer Fachmedien},
	author = {Helmold, Marc and Dathe, Tracy and Hummel, Florian},
	editor = {Helmold, Marc and Dathe, Tracy and Hummel, Florian},
	year = {2019},
	doi = {10.1007/978-3-658-23969-5_2},
	pages = {43--56},
	file = {Springer Full Text PDF:/Users/hegele/Zotero/storage/KDZ85T9T/Helmold et al. - 2019 - Verhandlungskonzepte.pdf:application/pdf}
}

@incollection{helmold_nonverbale_2019,
	address = {Wiesbaden},
	title = {Nonverbale {Kommunikation} in {Verhandlungen}},
	isbn = {978-3-658-23969-5},
	url = {https://doi.org/10.1007/978-3-658-23969-5_6},
	abstract = {Verhandlungen sind vornehmlich geprägt durch verbale Kommunikation, indem die Verhandlungspartner durch Sprache miteinander kommunizieren und ihre Standpunkte austauschen (Obrien, Negotiations for Procurement Professionals, Kogan Page, Croyden, 2016). Neben dem gesprochenen Wort gibt es jedoch noch fundamentale Signale, die als nonverbale Kommunikation oder Körpersprache definiert werden (Obrien, Negotiations for Procurement Professionals, Kogan Page, Croyden, 2016). Als nonverbale Kommunikation (lateinisch: Verständigung ohne Worte) wird der Teil der Kommunikation bezeichnet, der sich nicht nach den konventionalisierten Regeln einer gesprochenen Sprache richtet, der sich nach nicht konventionalisierten Regeln einer verwendeten Sprache ausdrückt, sondern durch Körperhaltung (lateinisch Habitus), Bewegungen (lateinisch Gestik) oder Gesichtsausdruck (lateinisch Mimik) (Einkaufsmanager 2018). Der Habitus bezieht sich auf die Körperhaltung, die in der zwischenmenschlichen Kommunikation wahrgenommen werden. Es handelt sich um die Gesamtheit aller Körpersignale (Helmold 2018). Die Gestik umfasst die Gesamtheit der Gesten, die als Bewegungen der zwischenmenschlichen Kommunikation dienen. Insbesondere Bewegungen der Arme oder Hände sind Signale, die in Verhandlungen über Gefühle und Position Aufschluss geben können. Die Mimik, auch Miene oder Mienenspiel genannt, ist der Gesichtsausdruck oder beinhaltet Signale von Gesichtsteilen wie Erröten, Schweiß, Stirnrunzeln oder das Hochziehen der Augenbrauen. Führungskräfte versuchen in Geschäftsverhandlungen oft, möglichst keine Emotionen zu zeigen, da sie der Meinung sind, dass Gefühle in geschäftlichen Situationen nicht angebracht sind (Helmold 2018). Jedoch tun sie das unbewusst, denn das Verhalten und die Körpersprache sind direkt mit Gefühlen verbunden (Helmold 2018).},
	language = {de},
	urldate = {2020-04-20},
	booktitle = {Erfolgreiche {Verhandlungen} : {Best}-in-{Class} {Empfehlungen} für den {Verhandlungsdurchbruch}},
	publisher = {Springer Fachmedien},
	author = {Helmold, Marc and Dathe, Tracy and Hummel, Florian},
	editor = {Helmold, Marc and Dathe, Tracy and Hummel, Florian},
	year = {2019},
	doi = {10.1007/978-3-658-23969-5_6},
	pages = {129--153},
	file = {Springer Full Text PDF:/Users/hegele/Zotero/storage/85SPIHNG/Helmold et al. - 2019 - Nonverbale Kommunikation in Verhandlungen.pdf:application/pdf}
}

@incollection{helmold_sechs_2019,
	address = {Wiesbaden},
	title = {Sechs {Schritte} für den {Verhandlungserfolg}: {Das} {A}-6-{Modell} für {Verhandlungen}},
	isbn = {978-3-658-23969-5},
	shorttitle = {Sechs {Schritte} für den {Verhandlungserfolg}},
	url = {https://doi.org/10.1007/978-3-658-23969-5_4},
	abstract = {Verhandlungen müssen analytisch, systematisch konzeptioniert, gut strukturiert und ergebnisorientiert sein. Ein in der Praxis angewandtes und erfolgreiches Modell ist das A-6-Konzept von Prof. Dr. Marc Helmold (M.B.A.). Zielgruppen sind nicht nur kleinere und mittlere Unternehmen (KMU), sondern auch multinationale Unternehmen (englisch: Multinational Corporations). Insbesondere Unternehmen, die im interkulturellen Bereich Geschäftsbeziehungen eingehen, ziehen Vorteile aus dem A-6-Modell. Zahlreiche Verhandlungserfolge in der Automobil- und Bahnindustrie haben die praktische Relevanz verdeutlicht. Entstanden ist das Konzept aufgrund der Tatsache, dass in der Regel nicht alle Mitarbeiter einer Abteilung aus Budgetgründen das gleiche externe Training erfahren können. Aus diesem Grund hat Dr. Helmold als Führungskraft mit diversen Schulungen in dem Bereich sein eigenes Modell entwickelt, welches nun in Lehre oder innerhalb seiner Beratungstätigkeit erfolgreich angewandt wird (Helmold 2018).},
	language = {de},
	urldate = {2020-04-20},
	booktitle = {Erfolgreiche {Verhandlungen} : {Best}-in-{Class} {Empfehlungen} für den {Verhandlungsdurchbruch}},
	publisher = {Springer Fachmedien},
	author = {Helmold, Marc and Dathe, Tracy and Hummel, Florian},
	editor = {Helmold, Marc and Dathe, Tracy and Hummel, Florian},
	year = {2019},
	doi = {10.1007/978-3-658-23969-5_4},
	pages = {63--117},
	file = {Springer Full Text PDF:/Users/hegele/Zotero/storage/PP5FRSUI/Helmold et al. - 2019 - Sechs Schritte für den Verhandlungserfolg Das A-6.pdf:application/pdf}
}


@article{rabin_incorporating_1993,
	title = {Incorporating fairness into game theory and economics},
	journal = {The American economic review},
	author = {Rabin, Matthew},
	year = {1993},
	note = {Publisher: JSTOR},
	pages = {1281--1302}
}

@article{thompson_negotiation_2010,
	title = {Negotiation},
	volume = {61},
	journal = {Annual review of psychology},
	author = {Thompson, Leigh L and Wang, Jiunwen and Gunia, Brian C},
	year = {2010},
	note = {Publisher: Annual Reviews},
	pages = {491--515}
}

@book{thompson_mind_nodate,
	title = {The mind and heart of the negotiator},
	author = {Thompson, Leigh L}
}

@article{galinsky_why_2008,
	title = {Why it pays to get inside the head of your opponent: {The} differential effects of perspective taking and empathy in negotiations},
	volume = {19},
	number = {4},
	journal = {Psychological science},
	author = {Galinsky, Adam D and Maddux, William W and Gilin, Debra and White, Judith B},
	year = {2008},
	note = {Publisher: SAGE Publications Sage CA: Los Angeles, CA},
	pages = {378--384}
}

@article{pruitt_development_1975,
	title = {Development of integrative solutions in bilateral negotiation.},
	volume = {31},
	number = {4},
	journal = {Journal of Personality and Social Psychology},
	author = {Pruitt, Dean G and Lewis, Steven A},
	year = {1975},
	note = {Publisher: American Psychological Association},
	pages = {621}
}

@article{albin_role_1993,
	title = {The {Role} of {Fairness} in {Negotiation}},
	volume = {9},
	issn = {1571-9979},
	url = {https://onlinelibrary.wiley.com/doi/abs/10.1111/j.1571-9979.1993.tb00705.x},
	doi = {10.1111/j.1571-9979.1993.tb00705.x},
	language = {en},
	number = {3},
	urldate = {2020-04-20},
	journal = {Negotiation Journal},
	author = {Albin, Cecilia},
	year = {1993},
	note = {\_eprint: https://onlinelibrary.wiley.com/doi/pdf/10.1111/j.1571-9979.1993.tb00705.x},
	pages = {223--244},
	file = {Snapshot:/Users/hegele/Zotero/storage/MVQLMWNR/j.1571-9979.1993.tb00705.html:text/html}
}

@article{babcock_explaining_1997,
	title = {Explaining {Bargaining} {Impasse}: {The} {Role} of {Self}-{Serving} {Biases}},
	volume = {11},
	issn = {0895-3309},
	shorttitle = {Explaining {Bargaining} {Impasse}},
	url = {https://www.aeaweb.org/articles?id=10.1257/jep.11.1.109},
	doi = {10.1257/jep.11.1.109},
	abstract = {The authors review studies conducted by themselves and coauthors that document a 'self-serving' bias in judgments of fairness and demonstrate that the bias is an important cause of impasse in negotiations. They discuss experimental evidence showing that (1) the bias causes impasse; (2) it is possible to reduce impasses by debiasing bargainers; and (3) the bias results from selective evaluation of information. The authors also review results from a field study of negotiations between teachers' unions and school boards in Pennsylvania that both document the fairness bias in a naturalistic setting and demonstrates its impact on strikes.},
	language = {en},
	number = {1},
	urldate = {2020-04-20},
	journal = {Journal of Economic Perspectives},
	author = {Babcock, Linda and Loewenstein, George},
	month = mar,
	year = {1997},
	keywords = {Alliances, Dispute Resolution: Strikes, Arbitration, and Mediation, Collective Bargaining, Conflict, Conflict Resolution},
	pages = {109--126},
	file = {Full Text PDF:/Users/hegele/Zotero/storage/9GYJ5PL7/Babcock and Loewenstein - 1997 - Explaining Bargaining Impasse The Role of Self-Se.pdf:application/pdf;Snapshot:/Users/hegele/Zotero/storage/PG3NXTY6/articles.html:text/html}
}

@article{ben-yoav_resistance_1984,
	title = {Resistance to yielding and the expectation of cooperative future interaction in negotiation},
	volume = {20},
	issn = {0022-1031},
	url = {http://www.sciencedirect.com/science/article/pii/0022103184900295},
	doi = {10.1016/0022-1031(84)90029-5},
	abstract = {The expectation of cooperative future interaction (ECFI) encouraged especially high joint benefit (the total of the two bargainers' individual outcomes) when resistance to yielding was high, but especially low joint benefit when resistance to yielding was low. Process data suggest that this finding can be explained as follows: When resistance to yielding is high, ECFI encourages problem solving and reduced contentious behavior; when resistance to yielding is low, ECFI encourages a collapse of aspirations. The results support Filley's (1975) dualconcern model and cast doubt on Deutsch's (1973) blanket assertion that a cooperative process leads to constructive conflict resolution.},
	language = {en},
	number = {4},
	urldate = {2020-04-20},
	journal = {Journal of Experimental Social Psychology},
	author = {Ben-Yoav, Orly and Pruitt, Dean G},
	month = jul,
	year = {1984},
	pages = {323--335},
	file = {ScienceDirect Snapshot:/Users/hegele/Zotero/storage/IIW9QAZU/0022103184900295.html:text/html;ScienceDirect Full Text PDF:/Users/hegele/Zotero/storage/J49CZV4L/Ben-Yoav and Pruitt - 1984 - Resistance to yielding and the expectation of coop.pdf:application/pdf}
}

@article{carnevale_creativity_2006,
	title = {Creativity in the outcomes of conflict},
	journal = {Handbook of conflict resolution: theory and practice,},
	author = {Carnevale, Peter J.},
	year = {2006},
	pages = {414--435},
	file = {Full Text:/Users/hegele/Zotero/storage/33GA3Y85/Carnevale - 2006 - Creativity in the outcomes of conflict.pdf:application/pdf;Snapshot:/Users/hegele/Zotero/storage/YL9BIVNR/papers.html:text/html}
}

@book{opresnik_hidden_nodate,
	title = {The {Hidden} {Rules} of {Successful} {Negotiation} and {Communication} [electronic {Resource}]: {Getting} to {Yes}!},
	publisher = {Springer.},
	author = {Opresnik, Marc O}
}

@book{mccarthy_advanced_2015,
	title = {Advanced negotiation techniques},
	publisher = {Springer},
	author = {McCarthy, Alan and Hay, Steve},
	year = {2015}
}

@misc{eisberg_fig,
    author = {{Annie Spratt}},
    title = {Photo by Annie Spratt on Unsplash},
    url = {https://unsplash.com/@anniespratt},
	urldate = {2020-04-20},
}

@misc{mbti_fig,
    author = {{Offnfopt}},
    title = {Cognitive Functions},
    url = {https://commons.wikimedia.org/wiki/File:Cognitive_Functions.svg},
	urldate = {2020-04-20},
}

@misc{brickwall_fig,
    author = {{Jakob Braun}},
    title = {Photo by Jakob Braun on Unsplash},
    url = {https://unsplash.com/@jakobustrop},
	urldate = {2020-04-20},
}
